
@article{altmann_permutation_2010,
  title = {Permutation Importance: A Corrected Feature Importance Measure},
  shorttitle = {Permutation Importance},
  author = {Altmann, Andr{\'e} and Tolo{\c s}i, Laura and Sander, Oliver and Lengauer, Thomas},
  year = {2010},
  month = may,
  journal = {Bioinformatics},
  volume = {26},
  number = {10},
  pages = {1340--1347},
  issn = {1367-4803},
  doi = {10.1093/bioinformatics/btq134},
  langid = {english}
}

@article{antiochos_constraints_2003,
  title = {Constraints on {{Active Region Coronal Heating}}},
  author = {Antiochos, S. K. and Karpen, J. T. and DeLuca, E. E. and Golub, L. and Hamilton, P.},
  year = {2003},
  month = jun,
  journal = {The Astrophysical Journal},
  volume = {590},
  pages = {547--553},
  issn = {0004-637X},
  doi = {10.1086/375003}
}

@article{barnes_inference_2016,
  title = {Inference of {{Heating Properties}} from "{{Hot}}" {{Non}}-Flaring {{Plasmas}} in {{Active Region Cores}}. {{I}}. {{Single Nanoflares}}},
  author = {Barnes, W. T. and Cargill, P. J. and Bradshaw, S. J.},
  year = {2016},
  month = sep,
  journal = {ApJ},
  volume = {829},
  pages = {31},
  issn = {0004-637X},
  doi = {10.3847/0004-637X/829/1/31}
}

@article{barnes_understanding_2019,
  title = {Understanding {{Heating}} in {{Active Region Cores}} through {{Machine Learning}}. {{I}}. {{Numerical Modeling}} and {{Predicted Observables}}},
  author = {Barnes, W. T. and Bradshaw, S. J. and Viall, N. M.},
  year = {2019},
  month = jul,
  journal = {ApJ},
  volume = {880},
  number = {1},
  pages = {56},
  doi = {10.3847/1538-4357/ab290c},
  langid = {english}
}

@article{baso_enhancing_2018,
  title = {Enhancing {{SDO}}/{{HMI}} Images Using Deep Learning},
  author = {Baso, C. J. D{\'i}az and Ramos, A. Asensio},
  year = {2018},
  month = jun,
  journal = {A\&A},
  volume = {614},
  pages = {A5},
  issn = {0004-6361, 1432-0746},
  doi = {10.1051/0004-6361/201731344},
  copyright = {\textcopyright{} ESO 2018},
  langid = {english}
}

@article{bobra_predicting_2016,
  title = {Predicting {{Coronal Mass Ejections Using Machine Learning Methods}}},
  author = {Bobra, M. G. and Ilonidis, S.},
  year = {2016},
  month = apr,
  journal = {The Astrophysical Journal},
  volume = {821},
  pages = {127},
  issn = {0004-637X},
  doi = {10.3847/0004-637X/821/2/127}
}

@article{bradshaw_cooling_2005,
  title = {The Cooling of Coronal Plasmas: {{II}}. {{Properties}} of the Radiative Phase},
  shorttitle = {The Cooling of Coronal Plasmas},
  author = {Bradshaw, S. J. and Cargill, P. J.},
  year = {2005},
  month = jul,
  journal = {Astronomy and Astrophysics},
  volume = {437},
  number = {1},
  pages = {311--317},
  issn = {0004-6361, 1432-0756},
  doi = {10.1051/0004-6361:20042405}
}

@article{bradshaw_cooling_2010,
  title = {The {{Cooling}} of {{Coronal Plasmas III}}: Enthalpy {{Transfer}} as a {{Mechanism}} for {{Energy Loss}}},
  author = {Bradshaw, S. J. and Cargill, P. J.},
  year = {2010},
  month = jul,
  journal = {ApJ},
  volume = {717},
  number = {1},
  pages = {163--174},
  issn = {0004-637X, 1538-4357},
  doi = {10.1088/0004-637X/717/1/163}
}

@article{bradshaw_diagnosing_2012,
  title = {Diagnosing the {{Time}}-Dependence of {{Active Region Core Heating}} from the {{Emission Measure}}. {{I}}. {{Low}}-Frequency {{Nanoflares}}},
  author = {Bradshaw, S. J. and Klimchuk, J. A. and Reep, J. W.},
  year = {2012},
  month = oct,
  journal = {ApJ},
  volume = {758},
  pages = {53},
  issn = {0004-637X},
  doi = {10.1088/0004-637X/758/1/53}
}

@article{bradshaw_new_2010,
  title = {A {{New Enthalpy}}-{{Based Approach}} to the {{Transition Region}} in an {{Impulsively Heated Corona}}},
  author = {Bradshaw, S. J. and Cargill, P. J.},
  year = {2010},
  month = feb,
  journal = {The Astrophysical Journal Letters},
  volume = {710},
  pages = {L39-L43},
  issn = {0004-637X},
  doi = {10.1088/2041-8205/710/1/L39}
}

@article{bradshaw_patterns_2016,
  title = {Patterns of {{Activity}} in a {{Global Model}} of a {{Solar Active Region}}},
  author = {Bradshaw, S. J. and Viall, N. M.},
  year = {2016},
  month = apr,
  journal = {ApJ},
  volume = {821},
  pages = {63},
  issn = {0004-637X},
  doi = {10.3847/0004-637X/821/1/63}
}

@article{breiman_bagging_1996,
  title = {Bagging {{Predictors}}},
  author = {Breiman, Leo},
  year = {1996},
  month = aug,
  journal = {Machine Learning},
  volume = {24},
  number = {2},
  pages = {123--140},
  issn = {1573-0565},
  doi = {10.1023/A:1018054314350},
  langid = {english}
}

@book{breiman_classification_1984,
  title = {Classification and {{Regression Trees}}},
  author = {Breiman, Leo and Friedman, Jerome and Stone, Charles J. and Olshen, R. A.},
  year = {1984},
  month = jan,
  series = {Wadsworth {{Statistics}}/{{Probability}}},
  edition = {first},
  publisher = {{Chapman and Hall/CRC}},
  address = {{Boca Raton}},
  isbn = {978-0-412-04841-8},
  langid = {english}
}

@article{breiman_random_2001,
  title = {Random {{Forests}}},
  author = {Breiman, Leo},
  year = {2001},
  month = oct,
  journal = {ML},
  volume = {45},
  number = {1},
  pages = {5--32},
  issn = {1573-0565},
  doi = {10.1023/A:1010933404324},
  langid = {english}
}

@article{brooks_flows_2009,
  title = {Flows and {{Motions}} in {{Moss}} in the {{Core}} of a {{Flaring Active Region}}: Evidence for {{Steady Heating}}},
  shorttitle = {Flows and {{Motions}} in {{Moss}} in the {{Core}} of a {{Flaring Active Region}}},
  author = {Brooks, David H. and Warren, Harry P.},
  year = {2009},
  month = sep,
  journal = {The Astrophysical Journal Letters},
  volume = {703},
  pages = {L10-L13},
  issn = {0004-637X},
  doi = {10.1088/0004-637X/703/1/L10}
}

@article{campi_feature_2019,
  title = {Feature {{Ranking}} of {{Active Region Source Properties}} in {{Solar Flare Forecasting}} and the {{Uncompromised Stochasticity}} of {{Flare Occurrence}}},
  author = {Campi, Cristina and Benvenuto, Federico and Massone, Anna Maria and Bloomfield, D. Shaun and Georgoulis, Manolis K. and Piana, Michele},
  year = {2019},
  month = oct,
  journal = {The Astrophysical Journal},
  volume = {883},
  pages = {150},
  issn = {0004-637X},
  doi = {10.3847/1538-4357/ab3c26}
}

@article{cargill_active_2014,
  title = {Active {{Region Emission Measure Distributions}} and {{Implications}} for {{Nanoflare Heating}}},
  author = {Cargill, P. J.},
  year = {2014},
  month = mar,
  journal = {ApJ},
  volume = {784},
  pages = {49},
  issn = {0004-637X},
  doi = {10.1088/0004-637X/784/1/49}
}

@article{cargill_enthalpy-based_2012,
  title = {Enthalpy-Based {{Thermal Evolution}} of {{Loops}}. {{II}}. {{Improvements}} to the {{Model}}},
  author = {Cargill, P. J. and Bradshaw, S. J. and Klimchuk, J. A.},
  year = {2012},
  month = jun,
  journal = {ApJ},
  volume = {752},
  pages = {161},
  issn = {0004-637X},
  doi = {10.1088/0004-637X/752/2/161}
}

@article{cargill_enthalpy-based_2012-1,
  title = {Enthalpy-Based {{Thermal Evolution}} of {{Loops}}. {{III}}. {{Comparison}} of {{Zero}}-Dimensional {{Models}}},
  author = {Cargill, P. J. and Bradshaw, S. J. and Klimchuk, J. A.},
  year = {2012},
  month = oct,
  journal = {ApJ},
  volume = {758},
  pages = {5},
  issn = {0004-637X},
  doi = {10.1088/0004-637X/758/1/5}
}

@article{couvidat_observables_2016,
  title = {Observables {{Processing}} for the {{Helioseismic}} and {{Magnetic Imager Instrument}} on the {{Solar Dynamics Observatory}}},
  author = {Couvidat, S. and Schou, J. and Hoeksema, J. T. and Bogart, R. S. and Bush, R. I. and Duvall, T. L. and Liu, Y. and Norton, A. A. and Scherrer, P. H.},
  year = {2016},
  month = aug,
  journal = {SoPh},
  volume = {291},
  number = {7},
  pages = {1887},
  doi = {10.1007/s11207-016-0957-3},
  langid = {english}
}

@article{del_zanna_evolution_2015,
  title = {The Evolution of the Emission Measure Distribution in the Core of an Active Region},
  author = {Del Zanna, Giulio and Tripathi, Durgesh and Mason, Helen and Subramanian, Srividya and O'Dwyer, Brendan},
  year = {2015},
  month = jan,
  journal = {A\&A},
  volume = {573},
  pages = {A104},
  issn = {0004-6361},
  doi = {10.1051/0004-6361/201424561}
}

@article{freedman_histogram_1981,
  title = {On the Histogram as a Density Estimator:L 2 Theory},
  shorttitle = {On the Histogram as a Density Estimator},
  author = {Freedman, David and Diaconis, Persi},
  year = {1981},
  month = dec,
  journal = {Z. Wahrscheinlichkeitstheorie verw Gebiete},
  volume = {57},
  number = {4},
  pages = {453--476},
  issn = {0044-3719, 1432-2064},
  doi = {10.1007/BF01025868},
  langid = {english}
}

@article{freeland_data_1998,
  title = {Data {{Analysis}} with the {{SolarSoft System}}},
  author = {Freeland, S. L. and Handy, B. N.},
  year = {1998},
  month = oct,
  journal = {SoPh},
  volume = {182},
  pages = {497--500},
  issn = {0038-0938},
  doi = {10.1023/A:1005038224881}
}

@article{glogowski_drms_2019,
  title = {Drms: A {{Python}} Package for Accessing {{HMI}} and {{AIA}} Data},
  shorttitle = {Drms},
  author = {Glogowski, Kolja and Bobra, Monica G. and Choudhary, Nitin and Amezcua, Arthur B. and Mumford, Stuart J.},
  year = {2019},
  month = aug,
  journal = {Journal of Open Source Software},
  volume = {4},
  number = {40},
  pages = {1614},
  issn = {2475-9066},
  doi = {10.21105/joss.01614},
  langid = {english}
}

@article{golub_x-ray_2007,
  title = {The {{X}}-{{Ray Telescope}} ({{XRT}}) for the {{Hinode Mission}}},
  author = {Golub, L. and Deluca, E. and Austin, G. and Bookbinder, J. and Caldwell, D. and Cheimets, P. and Cirtain, J. and Cosmo, M. and Reid, P. and Sette, A. and Weber, M. and Sakao, T. and Kano, R. and Shibasaki, K. and Hara, H. and Tsuneta, S. and Kumagai, K. and Tamura, T. and Shimojo, M. and McCracken, J. and Carpenter, J. and Haight, H. and Siler, R. and Wright, E. and Tucker, J. and Rutledge, H. and Barbera, M. and Peres, G. and Varisco, S.},
  year = {2007},
  month = jun,
  journal = {SoPh},
  volume = {243},
  pages = {63--86},
  issn = {0038-0938},
  doi = {10.1007/s11207-007-0182-1}
}

@article{hannah_differential_2012,
  title = {Differential Emission Measures from the Regularized Inversion of {{Hinode}} and {{SDO}} Data},
  author = {Hannah, I. G. and Kontar, E. P.},
  year = {2012},
  month = mar,
  journal = {A\&A},
  volume = {539},
  pages = {A146},
  issn = {0004-6361},
  doi = {10.1051/0004-6361/201117576}
}

@article{harris_array_2020,
  title = {Array Programming with {{NumPy}}},
  author = {Harris, Charles R. and Millman, K. Jarrod and {van der Walt}, St{\'e}fan J. and Gommers, Ralf and Virtanen, Pauli and Cournapeau, David and Wieser, Eric and Taylor, Julian and Berg, Sebastian and Smith, Nathaniel J. and Kern, Robert and Picus, Matti and Hoyer, Stephan and {van Kerkwijk}, Marten H. and Brett, Matthew and Haldane, Allan and {del R{\'i}o}, Jaime Fern{\'a}ndez and Wiebe, Mark and Peterson, Pearu and {G{\'e}rard-Marchant}, Pierre and Sheppard, Kevin and Reddy, Tyler and Weckesser, Warren and Abbasi, Hameer and Gohlke, Christoph and Oliphant, Travis E.},
  year = {2020},
  month = sep,
  journal = {Nature},
  volume = {585},
  number = {7825},
  pages = {357--362},
  publisher = {{Nature Publishing Group}},
  issn = {1476-4687},
  doi = {10.1038/s41586-020-2649-2},
  copyright = {2020 The Author(s)},
  langid = {english}
}

@book{hastie_elements_2009,
  title = {The {{Elements}} of {{Statistical Learning}}: Data {{Mining}}, {{Inference}}, and {{Prediction}}},
  shorttitle = {The {{Elements}} of {{Statistical Learning}}},
  author = {Hastie, Trevor and Tibshirani, Robert and Friedman, Jerome},
  year = {2009},
  series = {Springer {{Series}} in {{Statistics}}},
  edition = {Second},
  publisher = {{Springer-Verlag}},
  address = {{New York}},
  isbn = {978-0-387-84857-0},
  langid = {english}
}

@inproceedings{ho_random_1995,
  title = {Random Decision Forests},
  booktitle = {Proceedings of 3rd {{International Conference}} on {{Document Analysis}} and {{Recognition}}},
  author = {Ho, Tin Kam},
  year = {1995},
  month = aug,
  volume = {1},
  pages = {278-282 vol.1},
  doi = {10.1109/ICDAR.1995.598994}
}

@article{hunter_matplotlib_2007,
  title = {Matplotlib: A {{2D Graphics Environment}}},
  shorttitle = {Matplotlib},
  author = {Hunter, John D.},
  year = {2007},
  month = may,
  journal = {CSE},
  volume = {9},
  number = {3},
  pages = {90--95},
  issn = {1521-9615},
  doi = {10.1109/MCSE.2007.55}
}

@book{james_introduction_2013,
  title = {An {{Introduction}} to {{Statistical Learning}}: With {{Applications}} in {{R}}},
  shorttitle = {An {{Introduction}} to {{Statistical Learning}}},
  author = {James, Gareth and Witten, Daniela and Hastie, Trevor and Tibshirani, Robert},
  year = {2013},
  series = {Springer {{Texts}} in {{Statistics}}},
  publisher = {{Springer-Verlag}},
  address = {{New York}},
  isbn = {978-1-4614-7137-0},
  langid = {english}
}

@misc{jones_scipy_2001,
  title = {{{SciPy}}: Open Source Scientific Tools for {{Python}}},
  author = {Jones, Eric and Oliphant, Travis and Peterson, Pearu},
  year = {2001}
}

@article{jordan_structure_1975,
  title = {The {{Structure}} of {{Solar Active Regions}} from {{EUV}} and {{Soft X}}-{{Ray Observations}}},
  author = {Jordan, C.},
  year = {1975},
  journal = {Solar Gamma-, X-, and EUV Radiation},
  volume = {68},
  pages = {109},
  langid = {english}
}

@article{jordan_structure_1976,
  title = {The Structure and Energy Balance of Solar Active Regions},
  author = {Jordan, C.},
  year = {1976},
  month = may,
  journal = {RSPTA},
  volume = {281},
  pages = {391--404},
  issn = {1364-503X},
  doi = {10.1098/rsta.1976.0037}
}

@article{klimchuk_highly_2008,
  title = {Highly {{Efficient Modeling}} of {{Dynamic Coronal Loops}}},
  author = {Klimchuk, J. A. and Patsourakos, S. and Cargill, P. J.},
  year = {2008},
  month = aug,
  journal = {ApJ},
  volume = {682},
  pages = {1351--1362},
  issn = {0004-637X},
  doi = {10.1086/589426}
}

@article{kosugi_hinode_2007,
  title = {The {{Hinode}} ({{Solar}}-{{B}}) {{Mission}}: An {{Overview}}},
  shorttitle = {The {{Hinode}} ({{Solar}}-{{B}}) {{Mission}}},
  author = {Kosugi, T. and Matsuzaki, K. and Sakao, T. and Shimizu, T. and Sone, Y. and Tachikawa, S. and Hashimoto, T. and Minesugi, K. and Ohnishi, A. and Yamada, T. and Tsuneta, S. and Hara, H. and Ichimoto, K. and Suematsu, Y. and Shimojo, M. and Watanabe, T. and Shimada, S. and Davis, J. M. and Hill, L. D. and Owens, J. K. and Title, A. M. and Culhane, J. L. and Harra, L. K. and Doschek, G. A. and Golub, L.},
  year = {2007},
  month = jun,
  journal = {SoPh},
  volume = {243},
  pages = {3--17},
  issn = {0038-0938},
  doi = {10.1007/s11207-007-9014-6}
}

@article{lemen_atmospheric_2012,
  title = {The {{Atmospheric Imaging Assembly}} ({{AIA}}) on the {{Solar Dynamics Observatory}} ({{SDO}})},
  author = {Lemen, James R. and Title, Alan M. and Akin, David J. and Boerner, Paul F. and Chou, Catherine and Drake, Jerry F. and Duncan, Dexter W. and Edwards, Christopher G. and Friedlaender, Frank M. and Heyman, Gary F. and Hurlburt, Neal E. and Katz, Noah L. and Kushner, Gary D. and Levay, Michael and Lindgren, Russell W. and Mathur, Dnyanesh P. and McFeaters, Edward L. and Mitchell, Sarah and Rehse, Roger A. and Schrijver, Carolus J. and Springer, Larry A. and Stern, Robert A. and Tarbell, Theodore D. and Wuelser, Jean-Pierre and Wolfson, C. Jacob and Yanari, Carl and Bookbinder, Jay A. and Cheimets, Peter N. and Caldwell, David and Deluca, Edward E. and Gates, Richard and Golub, Leon and Park, Sang and Podgorski, William A. and Bush, Rock I. and Scherrer, Philip H. and Gummin, Mark A. and Smith, Peter and Auker, Gary and Jerram, Paul and Pool, Peter and Soufli, Regina and Windt, David L. and Beardsley, Sarah and Clapp, Matthew and Lang, James and Waltham, Nicholas},
  year = {2012},
  month = jan,
  journal = {SoPh},
  volume = {275},
  number = {1-2},
  pages = {17--40},
  issn = {0038-0938, 1573-093X},
  doi = {10.1007/s11207-011-9776-8},
  langid = {english}
}

@article{marsh_hard_2018,
  title = {Hard {{X}}-{{Ray Constraints}} on {{Small}}-Scale {{Coronal Heating Events}}},
  author = {Marsh, Andrew J. and Smith, David M. and Glesener, Lindsay and Klimchuk, James A. and Bradshaw, Stephen J. and Vievering, Juliana and Hannah, Iain G. and Christe, Steven and Ishikawa, Shin-nosuke and Krucker, S{\"a}m},
  year = {2018},
  month = sep,
  journal = {ApJ},
  volume = {864},
  number = {1},
  pages = {5},
  doi = {10.3847/1538-4357/aad380},
  langid = {english}
}

@article{mulu-moore_can_2011,
  title = {Can a {{Long Nanoflare Storm Explain}} the {{Observed Emission Measure Distributions}} in {{Active Region Cores}}?},
  author = {{Mulu-Moore}, Fana M. and Winebarger, Amy R. and Warren, Harry P.},
  year = {2011},
  month = nov,
  journal = {ApJL},
  volume = {742},
  pages = {L6},
  issn = {0004-637X},
  doi = {10.1088/2041-8205/742/1/L6}
}

@article{mulu-moore_determining_2011,
  title = {Determining the {{Structure}} of {{Solar Coronal Loops Using Their Evolution}}},
  author = {{Mulu-Moore}, Fana M. and Winebarger, Amy R. and Warren, Harry P. and Aschwanden, Markus J.},
  year = {2011},
  month = may,
  journal = {The Astrophysical Journal},
  volume = {733},
  pages = {59},
  issn = {0004-637X},
  doi = {10.1088/0004-637X/733/1/59}
}

@book{oliphant_guide_2006,
  title = {A {{Guide}} to {{Numpy}}},
  author = {Oliphant, Travis},
  year = {2006},
  publisher = {{Trelgol Publishing}},
  address = {{USA}}
}

@article{osborne_radynversion_2019,
  title = {{{RADYNVERSION}}: Learning to {{Invert}} a {{Solar Flare Atmosphere}} with {{Invertible Neural Networks}}},
  shorttitle = {{{RADYNVERSION}}},
  author = {Osborne, Christopher M. J. and Armstrong, John A. and Fletcher, Lyndsay},
  year = {2019},
  month = mar,
  journal = {The Astrophysical Journal},
  volume = {873},
  pages = {128},
  issn = {0004-637X},
  doi = {10.3847/1538-4357/ab07b4}
}

@article{panos_identifying_2018,
  title = {Identifying {{Typical Mg II Flare Spectra Using Machine Learning}}},
  author = {Panos, Brandon and Kleint, Lucia and Huwyler, Cedric and Krucker, S{\"a}m and Melchior, Martin and Ullmann, Denis and Voloshynovskiy, Sviatoslav},
  year = {2018},
  month = jul,
  journal = {The Astrophysical Journal},
  volume = {861},
  pages = {62},
  issn = {0004-637X},
  doi = {10.3847/1538-4357/aac779}
}

@article{pedregosa_scikit-learn_2011,
  title = {Scikit-Learn: Machine {{Learning}} in {{Python}}},
  shorttitle = {Scikit-Learn},
  author = {Pedregosa, Fabian and Varoquaux, Ga{\"e}l and Gramfort, Alexandre and Michel, Vincent and Thirion, Bertrand and Grisel, Olivier and Blondel, Mathieu and Prettenhofer, Peter and Weiss, Ron and Dubourg, Vincent and Vanderplas, Jake and Passos, Alexandre and Cournapeau, David and Brucher, Matthieu and Perrot, Matthieu and Duchesnay, {\'E}douard},
  year = {2011},
  month = oct,
  journal = {JMLR},
  volume = {12},
  pages = {2825-2830}
}

@article{pesnell_solar_2012,
  title = {The {{Solar Dynamics Observatory}} ({{SDO}})},
  author = {Pesnell, W. Dean and Thompson, B. J. and Chamberlin, P. C.},
  year = {2012},
  month = jan,
  journal = {SoPh},
  volume = {275},
  pages = {3--15},
  issn = {0038-0938},
  doi = {10.1007/s11207-011-9841-3}
}

@article{poore_pythontex_2015,
  title = {{{PythonTeX}}: Reproducible Documents with {{LaTeX}}, {{Python}}, and More},
  shorttitle = {{{PythonTeX}}},
  author = {Poore, Geoffrey M.},
  year = {2015},
  month = jul,
  journal = {CS\&D},
  volume = {8},
  number = {1},
  pages = {014010},
  issn = {1749-4699},
  doi = {10.1088/1749-4699/8/1/014010},
  langid = {english}
}

@article{reep_diagnosing_2013,
  title = {Diagnosing the {{Time Dependence}} of {{Active Region Core Heating}} from the {{Emission Measure}}. {{II}}. {{Nanoflare Trains}}},
  author = {Reep, J. W. and Bradshaw, S. J. and Klimchuk, J. A.},
  year = {2013},
  month = feb,
  journal = {ApJ},
  volume = {764},
  pages = {193},
  issn = {0004-637X},
  doi = {10.1088/0004-637X/764/2/193}
}

@article{reep_forecasting_2021,
  title = {Forecasting the {{Remaining Duration}} of an {{Ongoing Solar Flare}}},
  author = {Reep, Jeffrey W. and Barnes, Will T.},
  year = {2021},
  month = mar,
  journal = {arXiv e-prints},
  volume = {2103},
  pages = {arXiv:2103.03957}
}

@inproceedings{rocklin_dask:_2015,
  title = {Dask: Parallel {{Computation}} with {{Blocked}} Algorithms and {{Task Scheduling}}},
  booktitle = {Proceedings of the 14th {{Python}} in {{Science Conference}}},
  author = {Rocklin, Matthew},
  editor = {Huff, Kathryn and Bergstra, James},
  year = {2015},
  pages = {126--132},
  doi = {10.25080/Majora-7b98e3ed-013}
}

@article{sandri_bias_2008,
  title = {A {{Bias Correction Algorithm}} for the {{Gini Variable Importance Measure}} in {{Classification Trees}}},
  author = {Sandri, Marco and Zuccolotto, Paola},
  year = {2008},
  month = sep,
  journal = {Journal of Computational and Graphical Statistics},
  volume = {17},
  number = {3},
  pages = {611--628},
  issn = {1061-8600},
  doi = {10.1198/106186008X344522}
}

@article{schmelz_cold_2012,
  title = {The {{Cold Shoulder}}: Emission {{Measure Distributions}} of {{Active Region Cores}}},
  shorttitle = {The {{Cold Shoulder}}},
  author = {Schmelz, J. T. and Pathak, S.},
  year = {2012},
  month = sep,
  journal = {ApJ},
  volume = {756},
  pages = {126},
  issn = {0004-637X},
  doi = {10.1088/0004-637X/756/2/126}
}

@article{snodgrass_magnetic_1983,
  title = {Magnetic Rotation of the Solar Photosphere},
  author = {Snodgrass, H. B.},
  year = {1983},
  month = jul,
  journal = {The Astrophysical Journal},
  volume = {270},
  pages = {288},
  issn = {0004-637X},
  doi = {10.1086/161121},
  langid = {english}
}

@article{sunpy_community_sunpypython_2015,
  title = {{{SunPy}}\textemdash{{Python}} for Solar Physics},
  author = {{SunPy Community} and Mumford, Stuart J. and Christe, Steven and {P{\'e}rez-Su{\'a}rez}, David and Ireland, Jack and Shih, Albert Y. and Inglis, Andrew R. and Liedtke, Simon and Hewett, Russell J. and Mayer, Florian and Hughitt, Keith and Freij, Nabil and Meszaros, Tomas and Bennett, Samuel M. and Malocha, Michael and Evans, John and Agrawal, Ankit and Leonard, Andrew J. and Robitaille, Thomas P. and Mampaey, Benjamin and {Campos-Rozo}, Jose Iv{\'a}n and Kirk, Michael S.},
  year = {2015},
  month = jan,
  journal = {CS\&D},
  volume = {8},
  pages = {014009},
  doi = {10.1088/1749-4699/8/1/014009}
}

@article{tajfirouze_time-resolved_2016,
  title = {Time-Resolved {{Emission}} from {{Bright Hot Pixels}} of an {{Active Region Observed}} in the {{EUV Band}} with {{SDO}}/{{AIA}} and {{Multi}}-Stranded {{Loop Modeling}}},
  author = {Tajfirouze, E. and Reale, F. and Petralia, A. and Testa, P.},
  year = {2016},
  journal = {ApJ},
  volume = {816},
  number = {1},
  pages = {12},
  issn = {0004-637X},
  doi = {10.3847/0004-637X/816/1/12},
  langid = {english}
}

@article{the_astropy_collaboration_astropy_2018,
  title = {The {{Astropy Project}}: Building an {{Open}}-Science {{Project}} and {{Status}} of the v2.0 {{Core Package}}},
  shorttitle = {The {{Astropy Project}}},
  author = {{The Astropy Collaboration} and {Price-Whelan}, A. M. and Sip{\H o}cz, B. M. and G{\"u}nther, H. M. and Lim, P. L. and Crawford, S. M. and Conseil, S. and Shupe, D. L. and Craig, M. W. and Dencheva, N. and Ginsburg, A. and VanderPlas, J. T. and Bradley, L. D. and {P{\'e}rez-Su{\'a}rez}, D. and {de Val-Borro}, M. and Paper Contributors, (Primary and Aldcroft, T. L. and Cruz, K. L. and Robitaille, T. P. and Tollerud, E. J. and Coordination Committee, (Astropy and Ardelean, C. and Babej, T. and Bach, Y. P. and Bachetti, M. and Bakanov, A. V. and Bamford, S. P. and Barentsen, G. and Barmby, P. and Baumbach, A. and Berry, K. L. and Biscani, F. and Boquien, M. and Bostroem, K. A. and Bouma, L. G. and Brammer, G. B. and Bray, E. M. and Breytenbach, H. and Buddelmeijer, H. and Burke, D. J. and Calderone, G. and Cano Rodr{\'i}guez, J. L. and Cara, M. and Cardoso, J. V. M. and Cheedella, S. and Copin, Y. and Corrales, L. and Crichton, D. and D'Avella, D. and Deil, C. and Depagne, {\'E}. and Dietrich, J. P. and Donath, A. and Droettboom, M. and Earl, N. and Erben, T. and Fabbro, S. and Ferreira, L. A. and Finethy, T. and Fox, R. T. and Garrison, L. H. and Gibbons, S. L. J. and Goldstein, D. A. and Gommers, R. and Greco, J. P. and Greenfield, P. and Groener, A. M. and Grollier, F. and Hagen, A. and Hirst, P. and Homeier, D. and Horton, A. J. and Hosseinzadeh, G. and Hu, L. and Hunkeler, J. S. and Ivezi{\'c}, {\v Z}. and Jain, A. and Jenness, T. and Kanarek, G. and Kendrew, S. and Kern, N. S. and Kerzendorf, W. E. and Khvalko, A. and King, J. and Kirkby, D. and Kulkarni, A. M. and Kumar, A. and Lee, A. and Lenz, D. and Littlefair, S. P. and Ma, Z. and Macleod, D. M. and Mastropietro, M. and McCully, C. and Montagnac, S. and Morris, B. M. and Mueller, M. and Mumford, S. J. and Muna, D. and Murphy, N. A. and Nelson, S. and Nguyen, G. H. and Ninan, J. P. and N{\"o}the, M. and Ogaz, S. and Oh, S. and Parejko, J. K. and Parley, N. and Pascual, S. and Patil, R. and Patil, A. A. and Plunkett, A. L. and Prochaska, J. X. and Rastogi, T. and Reddy Janga, V. and Sabater, J. and Sakurikar, P. and Seifert, M. and Sherbert, L. E. and {Sherwood-Taylor}, H. and Shih, A. Y. and Sick, J. and Silbiger, M. T. and Singanamalla, S. and Singer, L. P. and Sladen, P. H. and Sooley, K. A. and Sornarajah, S. and Streicher, O. and Teuben, P. and Thomas, S. W. and Tremblay, G. R. and Turner, J. E. H. and Terr{\'o}n, V. and {van Kerkwijk}, M. H. and {de la Vega}, A. and Watkins, L. L. and Weaver, B. A. and Whitmore, J. B. and Woillez, J. and Zabalza, V. and Contributors, (Astropy},
  year = {2018},
  month = sep,
  journal = {AJ},
  volume = {156},
  pages = {123},
  issn = {0004-6256},
  doi = {10.3847/1538-3881/aabc4f}
}

@article{the_sunpy_community_sunpy_2020,
  title = {The {{SunPy Project}}: Open {{Source Development}} and {{Status}} of the {{Version}} 1.0 {{Core Package}}},
  shorttitle = {The {{SunPy Project}}},
  author = {{The SunPy Community} and Barnes, Will T. and Bobra, Monica G. and Christe, Steven D. and Freij, Nabil and Hayes, Laura A. and Ireland, Jack and Mumford, Stuart and {Perez-Suarez}, David and Ryan, Daniel F. and Shih, Albert Y. and Chanda, Prateek and Glogowski, Kolja and Hewett, Russell and Hughitt, V. Keith and Hill, Andrew and Hiware, Kaustubh and Inglis, Andrew and Kirk, Michael S. F. and Konge, Sudarshan and Mason, James Paul and Maloney, Shane Anthony and Murray, Sophie A. and Panda, Asish and Park, Jongyeob and Pereira, Tiago M. D. and Reardon, Kevin and Savage, Sabrina and Sip{\H o}cz, Brigitta M. and Stansby, David and Jain, Yash and Taylor, Garrison and Yadav, Tannmay and {Rajul} and Dang, Trung Kien},
  year = {2020},
  month = feb,
  journal = {The Astrophysical Journal},
  volume = {890},
  pages = {68},
  doi = {10.3847/1538-4357/ab4f7a}
}

@article{thompson_coordinate_2006,
  title = {Coordinate Systems for Solar Image Data},
  author = {Thompson, W. T.},
  year = {2006},
  month = apr,
  journal = {A\&A},
  volume = {449},
  pages = {791--803},
  issn = {0004-6361},
  doi = {10.1051/0004-6361:20054262}
}

@article{tripathi_emission_2011,
  title = {Emission {{Measure Distribution}} and {{Heating}} of {{Two Active Region Cores}}},
  author = {Tripathi, Durgesh and Klimchuk, James A. and Mason, Helen E.},
  year = {2011},
  month = oct,
  journal = {ApJ},
  volume = {740},
  pages = {111},
  issn = {0004-637X},
  doi = {10.1088/0004-637X/740/2/111}
}

@article{ugarte-urra_investigation_2006,
  title = {An {{Investigation}} into the {{Variability}} of {{Heating}} in a {{Solar Active Region}}},
  author = {{Ugarte-Urra}, Ignacio and Winebarger, Amy R. and Warren, Harry P.},
  year = {2006},
  month = jun,
  journal = {The Astrophysical Journal},
  volume = {643},
  pages = {1245--1257},
  issn = {0004-637X},
  doi = {10.1086/503196}
}

@article{van_der_walt_numpy_2011,
  title = {The {{NumPy Array}}: A {{Structure}} for {{Efficient Numerical Computation}}},
  shorttitle = {The {{NumPy Array}}},
  author = {{van der Walt}, St{\'e}fan and Colbert, S. Chris and Varoquaux, Ga{\"e}l},
  year = {2011},
  month = mar,
  journal = {CSE},
  volume = {13},
  number = {2},
  pages = {22--30},
  issn = {1521-9615},
  doi = {10.1109/MCSE.2011.37}
}

@article{viall_evidence_2012,
  title = {Evidence for {{Widespread Cooling}} in an {{Active Region Observed}} with the {{SDO Atmospheric Imaging Assembly}}},
  author = {Viall, Nicholeen M. and Klimchuk, James A.},
  year = {2012},
  month = jul,
  journal = {ApJ},
  volume = {753},
  pages = {35},
  issn = {0004-637X},
  doi = {10.1088/0004-637X/753/1/35}
}

@article{viall_patterns_2011,
  title = {Patterns of {{Nanoflare Storm Heating Exhibited}} by an {{Active Region Observed}} with {{Solar Dynamics Observatory}}/{{Atmospheric Imaging Assembly}}},
  author = {Viall, Nicholeen M. and Klimchuk, James A.},
  year = {2011},
  month = sep,
  journal = {ApJ},
  volume = {738},
  pages = {24},
  issn = {0004-637X},
  doi = {10.1088/0004-637X/738/1/24}
}

@article{viall_signatures_2016,
  title = {Signatures of {{Steady Heating}} in {{Time Lag Analysis}} of {{Coronal Emission}}},
  author = {Viall, Nicholeen M. and Klimchuk, James A.},
  year = {2016},
  month = sep,
  journal = {The Astrophysical Journal},
  volume = {828},
  number = {2},
  pages = {76},
  doi = {10.3847/0004-637X/828/2/76},
  langid = {english}
}

@article{viall_survey_2017,
  title = {A {{Survey}} of {{Nanoflare Properties}} in {{Active Regions Observed}} with the {{Solar Dynamics Observatory}}},
  author = {Viall, Nicholeen M. and Klimchuk, James A.},
  year = {2017},
  journal = {ApJ},
  volume = {842},
  number = {2},
  pages = {108},
  issn = {0004-637X},
  doi = {10.3847/1538-4357/aa7137},
  langid = {english}
}

@article{virtanen_scipy_2020,
  title = {{{SciPy}} 1.0: Fundamental Algorithms for Scientific Computing in {{Python}}},
  shorttitle = {{{SciPy}} 1.0},
  author = {Virtanen, Pauli and Gommers, Ralf and Oliphant, Travis E. and Haberland, Matt and Reddy, Tyler and Cournapeau, David and Burovski, Evgeni and Peterson, Pearu and Weckesser, Warren and Bright, Jonathan and van der Walt, St{\'e}fan J. and Brett, Matthew and Wilson, Joshua and Millman, K. Jarrod and Mayorov, Nikolay and Nelson, Andrew R. J. and Jones, Eric and Kern, Robert and Larson, Eric and Carey, C. J. and Polat, {\.I}lhan and Feng, Yu and Moore, Eric W. and VanderPlas, Jake and Laxalde, Denis and Perktold, Josef and Cimrman, Robert and Henriksen, Ian and Quintero, E. A. and Harris, Charles R. and Archibald, Anne M. and Ribeiro, Ant{\^o}nio H. and Pedregosa, Fabian and van Mulbregt, Paul},
  year = {2020},
  month = feb,
  journal = {Nat Methods},
  pages = {1--12},
  issn = {1548-7105},
  doi = {10.1038/s41592-019-0686-2},
  copyright = {2020 The Author(s)},
  langid = {english}
}

@article{warren_constraints_2011,
  title = {Constraints on the {{Heating}} of {{High}}-Temperature {{Active Region Loops}}: Observations from {{Hinode}} and the {{Solar Dynamics Observatory}}},
  shorttitle = {Constraints on the {{Heating}} of {{High}}-Temperature {{Active Region Loops}}},
  author = {Warren, Harry P. and Brooks, David H. and Winebarger, Amy R.},
  year = {2011},
  month = jun,
  journal = {ApJ},
  volume = {734},
  pages = {90},
  issn = {0004-637X},
  doi = {10.1088/0004-637X/734/2/90}
}

@article{warren_evidence_2010,
  title = {Evidence for {{Steady Heating}}: Observations of an {{Active Region Core}} with {{Hinode}} and {{TRACE}}},
  shorttitle = {Evidence for {{Steady Heating}}},
  author = {Warren, Harry P. and Winebarger, Amy R. and Brooks, David H.},
  year = {2010},
  month = mar,
  journal = {The Astrophysical Journal},
  volume = {711},
  pages = {228--238},
  issn = {0004-637X},
  doi = {10.1088/0004-637X/711/1/228}
}

@article{warren_systematic_2012,
  title = {A {{Systematic Survey}} of {{High}}-Temperature {{Emission}} in {{Solar Active Regions}}},
  author = {Warren, Harry P. and Winebarger, Amy R. and Brooks, David H.},
  year = {2012},
  month = nov,
  journal = {ApJ},
  volume = {759},
  number = {2},
  pages = {141},
  issn = {0004-637X},
  doi = {10.1088/0004-637X/759/2/141},
  langid = {english}
}

@article{welsch_deriving_2016,
  title = {Deriving {{Potential Coronal Magnetic Fields}} from {{Vector Magnetograms}}},
  author = {Welsch, Brian T. and Fisher, George H.},
  year = {2016},
  month = aug,
  journal = {Solar Physics},
  volume = {291},
  pages = {1681--1710},
  issn = {0038-0938},
  doi = {10.1007/s11207-016-0938-6}
}

@article{winebarger_evolving_2003,
  title = {Evolving {{Active Region Loops Observed}} with the {{Transition Region}} and {{Coronal Explorer}}. {{I}}. {{Observations}}},
  author = {Winebarger, Amy R. and Warren, Harry P. and Seaton, Daniel B.},
  year = {2003},
  month = aug,
  journal = {ApJ},
  volume = {593},
  number = {2},
  pages = {1164},
  doi = {10.1086/376679},
  langid = {english}
}

@article{winebarger_using_2011,
  title = {Using a {{Differential Emission Measure}} and {{Density Measurements}} in an {{Active Region Core}} to {{Test}} a {{Steady Heating Model}}},
  author = {Winebarger, Amy R. and Schmelz, Joan T. and Warren, Harry P. and Saar, Steve H. and Kashyap, Vinay L.},
  year = {2011},
  month = oct,
  journal = {ApJ},
  volume = {740},
  pages = {2},
  issn = {0004-637X},
  doi = {10.1088/0004-637X/740/1/2}
}


