@software{michael_waskom_2018_1313201,
  author       = {Michael Waskom and
                  Olga Botvinnik and
                  Drew O'Kane and
                  Paul Hobson and
                  Joel Ostblom and
                  Saulius Lukauskas and
                  David C Gemperline and
                  Tom Augspurger and
                  Yaroslav Halchenko and
                  John B. Cole and
                  Jordi Warmenhoven and
                  Julian de Ruiter and
                  Cameron Pye and
                  Stephan Hoyer and
                  Jake Vanderplas and
                  Santi Villalba and
                  Gero Kunter and
                  Eric Quintero and
                  Pete Bachant and
                  Marcel Martin and
                  Kyle Meyer and
                  Alistair Miles and
                  Yoav Ram and
                  Thomas Brunner and
                  Tal Yarkoni and
                  Mike Lee Williams and
                  Constantine Evans and
                  Clark Fitzgerald and
                  Brian and
                  Adel Qalieh},
  title        = {mwaskom/seaborn},
  month        = jul,
  year         = 2018,
  publisher    = {Zenodo},
  version      = {v0.9.0},
  doi          = {10.5281/zenodo.1313201},
  url          = {https://doi.org/10.5281/zenodo.1313201}
}

@software{stuart_mumford_2018_2155946,
  author       = {Stuart Mumford and
                  Steven Christe and
                  Florian Mayer and
                  Nabil Freij and
                  Keith Hughitt and
                  DanRyanIrish and
                  Simon Liedtke and
                  Albert Y. Shih and
                  David Pérez-Suárez and
                  Pritish Chakraborty and
                  aringlis and
                  Punyaslok Pattnaik and
                  Brigitta Sipocz and
                  Rishabh Sharma and
                  Drew Leonard and
                  rhewett and
                  Alex-Ian-Hamilton and
                  Asish Panda and
                  Matt Earnshaw and
                  Nitin Choudhary and
                  Ankit Kumar and
                  David Stansby and
                  Prateek Chanda and
                  Sudarshan Konge and
                  mdmueller and
                  haathi and
                  Michael Kirk and
                  Yash Jain},
  title        = {sunpy/sunpy},
  month        = dec,
  year         = 2018,
  publisher    = {Zenodo},
  version      = {v0.9.5},
  doi          = {10.5281/zenodo.2155946},
  url          = {https://doi.org/10.5281/zenodo.2155946}
}

@software{pauli_virtanen_2018_1241501,
  author       = {Pauli Virtanen and
                  Ralf Gommers and
                  Evgeni Burovski and
                  Travis E. Oliphant and
                  David Cournapeau and
                  Warren Weckesser and
                  alexbrc and
                  Pearu Peterson and
                  endolith and
                  Stefan van der Walt and
                  Josh Wilson and
                  Nikolay Mayorov and
                  Denis Laxalde and
                  Matthew Brett and
                  Jarrod Millman and
                  Lars and
                  eric-jones and
                  Andrew Nelson and
                  Robert Kern and
                  Eric Moore and
                  Tim Leslie and
                  Josef Perktold and
                  CJ Carey and
                  Yu Feng and
                  Matt Haberland and
                  Jake Vanderplas and
                  cowlicks and
                  Eric Larson and
                  Ilhan Polat and
                  Tyler Reddy},
  title        = {scipy/scipy},
  month        = may,
  year         = 2018,
  publisher    = {Zenodo},
  version      = {v1.1.0},
  doi          = {10.5281/zenodo.1241501},
  url          = {https://doi.org/10.5281/zenodo.1241501}
}

@software{thomas_a_caswell_2018_1482099,
  author       = {Thomas A Caswell and
                  Michael Droettboom and
                  John Hunter and
                  Eric Firing and
                  Antony Lee and
                  David Stansby and
                  Elliott Sales de Andrade and
                  Jens Hedegaard Nielsen and
                  Jody Klymak and
                  Nelle Varoquaux and
                  Benjamin Root and
                  Phil Elson and
                  Darren Dale and
                  Ryan May and
                  Jae-Joon Lee and
                  Jouni K. Seppänen and
                  Tim Hoffmann and
                  Damon McDougall and
                  Andrew Straw and
                  Paul Hobson and
                  cgohlke and
                  Tony S Yu and
                  Eric Ma and
                  Adrien F. Vincent and
                  Steven Silvester and
                  Charlie Moad and
                  Jan Katins and
                  Nikita Kniazev and
                  Federico Ariza and
                  Peter Würtz},
  title        = {matplotlib/matplotlib},
  month        = nov,
  year         = 2018,
  publisher    = {Zenodo},
  version      = {v3.0.2},
  doi          = {10.5281/zenodo.1482099},
  url          = {https://doi.org/10.5281/zenodo.1482099}
}

@software{kolja_glogowski_2019_2572850,
  author       = {Kolja Glogowski and
                  Monica Bobra and
                  Nabil Freij and
                  Stuart Mumford and
                  David Pérez-Suárez and
                  Nitin Choudhary},
  title        = {sunpy/drms: drms},
  month        = feb,
  year         = 2019,
  publisher    = {Zenodo},
  version      = {v0.5.6},
  doi          = {10.5281/zenodo.2572850},
  url          = {https://doi.org/10.5281/zenodo.2572850}
}

@software{olivier_grisel_2019_2582066,
  author       = {Olivier Grisel and
                  Andreas Mueller and
                  Lars and
                  Alexandre Gramfort and
                  Gilles Louppe and
                  Peter Prettenhofer and
                  Mathieu Blondel and
                  Vlad Niculae and
                  Joel Nothman and
                  Arnaud Joly and
                  Jake Vanderplas and
                  MechCoder and
                  Nelle Varoquaux and
                  Robert Layton and
                  Loïc Estève and
                  Jan Hendrik Metzen and
                  Hanmin Qin and
                  Noel Dawe and
                  (Venkat) Raghav, Rajagopalan and
                  Johannes Schönberger and
                  Wei Li and
                  Clay Woolam and
                  Kemal Eren and
                  Eustache and
                  Alexander Fabisch and
                  Alexandre Passos and
                  bthirion and
                  Virgile Fritsch and
                  Danny Sullivan and
                  Hamzeh Alsalhi},
  title        = {scikit-learn/scikit-learn},
  month        = mar,
  year         = 2019,
  publisher    = {Zenodo},
  version      = {0.20.3},
  doi          = {10.5281/zenodo.2582066},
  url          = {https://doi.org/10.5281/zenodo.2582066}
}

@software{the_astropy_collaboration_2018_4080996,
  author       = {{The Astropy Collaboration}},
  title        = {astropy/astropy},
  month        = dec,
  year         = 2018,
  publisher    = {Zenodo},
  version      = {v3.1},
  doi          = {10.5281/zenodo.4080996},
  url          = {https://doi.org/10.5281/zenodo.4080996}
}